@article{lister2009human,
  title={Human DNA methylomes at base resolution show widespread epigenomic differences},
  author={Lister, Ryan and Pelizzola, Mattia and Dowen, Robert H and Hawkins, R David and Hon, Gary and Tonti-Filippini, Julian and Nery, Joseph R and Lee, Leonard and Ye, Zhen and Ngo, Que-Minh},
  journal={Nature},
  volume=462,
  number=7271,
  pages={315--322},
  year=2009,
  month={Nov},
  publisher={Nature Publishing Group}
}

@article{Jones2012,
author = {Jones, Peter},
doi = {10.1038/nrg3230},
issn = {1471-0064},
journal = {Nature reviews. Genetics},
number = {7},
pages = {484--92},
pmid = {22641018},
title = {{Functions of DNA methylation: islands, start sites, gene bodies and beyond.}},
volume = {13},
month = {Jul},
year = {2012}
}


@article{Stadler2011,
author = {Stadler, Michael B and Murr, Rabih and Burger, Lukas and Ivanek, Robert and Lienert, Florian and Sch\"{o}ler, Anne and van Nimwegen, Erik and Wirbelauer, Christiane and Oakeley, Edward J and Gaidatzis, Dimos and Tiwari, Vijay K and Sch\"{u}beler, Dirk},
doi = {10.1038/nature10716},
issn = {1476-4687},
journal = {Nature},
number = {7378},
pages = {490--5},
pmid = {22170606},
title = {{DNA-binding factors shape the mouse methylome at distal regulatory regions.}},
volume = {480},
month = {Dec},
year = {2011}
}


@article{Xie2013,
author = {Xie, Wei and Schultz, Matthew D and Lister, Ryan and Hou, Zhonggang and Rajagopal, Nisha and Ray, Pradipta and Whitaker, John W and Tian, Shulan and Hawkins, R David and Leung, Danny and Yang, Hongbo and Wang, Tao and Lee, Ah Young and Swanson, Scott a and Zhang, Jiuchun and Zhu, Yun and Kim, Audrey and Nery, Joseph R and Urich, Mark a and Kuan, Samantha and Yen, Chia-an and Klugman, Sarit and Yu, Pengzhi and Suknuntha, Kran and Propson, Nicholas E and Chen, Huaming and Edsall, Lee E and Wagner, Ulrich and Li, Yan and Ye, Zhen and Kulkarni, Ashwinikumar and Xuan, Zhenyu and Chung, Wen-Yu and Chi, Neil C and Antosiewicz-Bourget, Jessica E and Slukvin, Igor and Stewart, Ron and Zhang, Michael Q and Wang, Wei and Thomson, James a and Ecker, Joseph R and Ren, Bing},
doi = {10.1016/j.cell.2013.04.022},
issn = {1097-4172},
journal = {Cell},
number = {5},
pages = {1134--48},
pmid = {23664764},
publisher = {Elsevier Inc.},
title = {{Epigenomic analysis of multilineage differentiation of human embryonic stem cells.}},
volume = {153},
month = {May},
year = {2013}
}

@article{Ziller2013,
author = {Ziller, Michael J and Gu, Hongcang and M\"{u}ller, Fabian and Donaghey, Julie and Tsai, Linus T-Y and Kohlbacher, Oliver and {De Jager}, Philip L and Rosen, Evan D and Bennett, David a and Bernstein, Bradley E and Gnirke, Andreas and Meissner, Alexander},
doi = {10.1038/nature12433},
issn = {1476-4687},
journal = {Nature},
number = {7463},
pages = {477--81},
pmid = {23925113},
title = {{Charting a dynamic DNA methylation landscape of the human genome.}},
volume = {500},
year = {2013}
}

@Article{pmid18984622,
   Author="Genereux, D. P.  and Johnson, W. C.  and Burden, A. F.  and Stoger, R.  and Laird, C. D. ",
   Title="{{E}rrors in the bisulfite conversion of {D}{N}{A}: modulating inappropriate- and failed-conversion frequencies}",
   Journal="Nucleic Acids Res.",
   Year="2008",
   Volume="36",
   Number="22",
   Pages="e150",
   Month="Dec"
}

@Article{pmid22067484,
   Author="Minoche, A. E.  and Dohm, J. C.  and Himmelbauer, H. ",
   Title="{{E}valuation of genomic high-throughput sequencing data generated on {I}llumina {H}i{S}eq and genome analyzer systems}",
   Journal="Genome Biol.",
   Year="2011",
   Volume="12",
   Number="11",
   Pages="R112"
}

@book{murphy2012machine,
  title={Machine learning: a probabilistic perspective},
  author={Murphy, Kevin P},
  year={2012},
  publisher={MIT Press},
  pages={1104},
  isbn={0262018020}
}

@article{Cheng2014,
author = {Cheng, Longjie and Zhu, Yu},
doi = {10.1093/bioinformatics/btt674},
issn = {1367-4811},
journal = {Bioinformatics},
month = {Jan},
number = {2},
pages = {172--9},
pmid = {24273245},
title = {{A classification approach for DNA methylation profiling with bisulfite next-generation sequencing data.}},
volume = {30},
year = {2014}
}

@article{Burger2013,
author = {Burger, Lukas and Gaidatzis, Dimos and Sch\"{u}beler, Dirk and Stadler, Michael B},
doi = {10.1093/nar/gkt599},
issn = {1362-4962},
journal = {Nucleic acids research},
month = {Sep},
number = {16},
pages = {e155},
pmid = {23828043},
title = {{Identification of active regulatory regions from DNA methylation data.}},
volume = {41},
year = {2013}
}

@article{Smith2013,
author = {Smith, Zachary D and Meissner, Alexander},
doi = {10.1038/nrg3354},
issn = {1471-0064},
journal = {Nature reviews. Genetics},
month = {Mar},
number = {3},
pages = {9},
pmid = {23400093},
publisher = {Nature Publishing Group},
title = {{DNA methylation: roles in mammalian development.}},
volume = {14},
year = {2013}
}

@article{dempster1977maximum,
  title={Maximum likelihood from incomplete data via the EM algorithm},
  author={Dempster, Arthur P and Laird, Nan M and Rubin, Donald B},
  journal={Journal of the Royal statistical Society},
  volume=39,
  number=1,
  pages={1--38},
  year=1977,
  publisher={Series B}
}

@article{Rabiner1989,
author = {Rabiner, Lawrence},
journal = {Proceedings of the IEEE},
title = {{A tutorial on hidden Markov models and selected applications in speech recognition}},
year = {1989}
}

@article{minoche2011evaluation,
  title={Evaluation of genomic high-throughput sequencing data generated on Illumina HiSeq and genome analyzer systems},
  author={Minoche, Andr{\'e} E and Dohm, Juliane C and Himmelbauer, Heinz and others},
  journal={Genome Biology},
  volume={12},
  number={11},
  pages={R112},
  year={2011}
}

@article{jiang2013head,
  title={Head/tail breaks: A new classification scheme for data with a heavy-tailed distribution},
  author={Jiang, Bin},
  journal={The Professional Geographer},
  volume={65},
  number={3},
  pages={482--494},
  year={2013},
  publisher={Taylor \& Francis}
}

@Article{gaidatzis2014,
   Author="Gaidatzis, D.  and Burger, L.  and Murr, R.  and Lerch, A.  and Dessus-Babus, S.  and Schubeler, D.  and Stadler, M. B. ",
   Title="{{D}{N}{A} sequence explains seemingly disordered methylation levels in partially methylated domains of {M}ammalian genomes}",
   Journal="PLoS Genet.",
   Year="2014",
   Volume="10",
   Number="2",
   Pages="e1004143",
   Month="Feb"
}

@article{Kouadjo2007,
   Author="Kouadjo, K. E.  and Nishida, Y.  and Cadrin-Girard, J. F.  and Yoshioka, M.  and St-Amand, J. ",
   Title="{{H}ousekeeping and tissue-specific genes in mouse tissues}",
   Journal="BMC Genomics",
   Year=2007,
   Volume=8,
   Pages=127
}

@Article{Saxonov2006,
   Author="Saxonov, S.  and Berg, P.  and Brutlag, D. L. ",
   Title="{{A} genome-wide analysis of {C}p{G} dinucleotides in the human genome distinguishes two distinct classes of promoters}",
   Journal="Proc. Natl. Acad. Sci. U.S.A.",
   Year="2006",
   Volume="103",
   Number="5",
   Pages="1412--1417",
   Month="Jan"
}
